<?xml version="1.0" encoding="UTF-8"?><collection xmlns="http://www.loc.gov/MARC21/slim"><record><leader>00387nam--2200133-i-4500</leader><controlfield tag="001">000034685</controlfield><controlfield tag="002">20161230</controlfield><controlfield tag="005">20161230201040</controlfield><controlfield tag="008">060222s1000------------r-----000-0-eng-d</controlfield><datafield ind1=" " ind2=" " tag="080"><subfield code="a">658</subfield></datafield><datafield ind1=" " ind2=" " tag="245"><subfield code="a">Normative de timp pe miscari. lucrari de sudare in mediu argon nt 119</subfield></datafield><datafield ind1=" " ind2=" " tag="260"><subfield code="a">Bucuresti, Min.Ind.Constsructiilor De Masini, 1985, 26p</subfield></datafield><datafield ind1=" " ind2=" " tag="490"><subfield code="a">Culegere De Traduceri</subfield></datafield><datafield ind1=" " ind2=" " tag="852"><subfield code="a">73425</subfield></datafield></record></collection>